<?xml version="1.0" encoding="UTF-8"?><collection xmlns="http://www.loc.gov/MARC21/slim"><record><leader>00558nam--2200193-i-4500</leader><controlfield tag="001">000004010</controlfield><controlfield tag="002">20161230</controlfield><controlfield tag="005">20161230201025</controlfield><controlfield tag="008">060222s1000------------r-----000-0-fre-d</controlfield><datafield ind1=" " ind2=" " tag="040"><subfield code="a">IFIN-HH</subfield></datafield><datafield ind1=" " ind2=" " tag="041"><subfield code="a">fre</subfield></datafield><datafield ind1=" " ind2=" " tag="080"><subfield code="a">539.23</subfield></datafield><datafield ind1="1" ind2=" " tag="100"><subfield code="a">Borel, Jean Pierre</subfield></datafield><datafield ind1="1" ind2="0" tag="245"><subfield code="a">Proprietes electriques et structure de lames minces d'argent</subfield><subfield code="c">Jean pierre borel</subfield></datafield><datafield ind1=" " ind2=" " tag="260"><subfield code="a">Lausanne</subfield><subfield code="b">Rouge De C-ie</subfield><subfield code="c">1955</subfield></datafield><datafield ind1=" " ind2=" " tag="300"><subfield code="a">33-116 P</subfield></datafield><datafield ind1=" " ind2=" " tag="490"><subfield code="a">Memoires De La Societe Vaudoise Des Sceinces Naturelles</subfield></datafield><datafield ind1=" " ind2=" " tag="852"><subfield code="a">13166</subfield><subfield code="c">539.23</subfield></datafield><datafield ind1=" " ind2=" " tag="CAT"><subfield code="a">Sys</subfield><subfield code="c">20121212</subfield><subfield code="h">161915</subfield></datafield></record></collection>